<?xml version="1.0" encoding="UTF-8"?><collection xmlns="http://www.loc.gov/MARC21/slim"><record><leader>00382nam--2200133-i-4500</leader><controlfield tag="001">000036931</controlfield><controlfield tag="002">20161230</controlfield><controlfield tag="005">20161230201041</controlfield><controlfield tag="008">060222s1000------------r-----000-0-eng-d</controlfield><datafield ind1=" " ind2=" " tag="080"><subfield code="a">621.32(075.8):681.3.06(075.8)</subfield></datafield><datafield ind1=" " ind2=" " tag="100"><subfield code="a">Pjopoviciu,Nicolae Si Vaduva,Ion</subfield></datafield><datafield ind1=" " ind2=" " tag="245"><subfield code="a">Introducere in programarea automata</subfield></datafield><datafield ind1=" " ind2=" " tag="260"><subfield code="a">Bucuresti,Ed.Didactica Si Pedagogica,1973. 220p</subfield></datafield><datafield ind1=" " ind2=" " tag="852"><subfield code="a">39882</subfield></datafield></record></collection>